@book{FOST,
	Author = {Pascal Hitzler and Markus Kr{\"o}tzsch and Sebastian Rudolph},
	Publisher = {Chapman \&{} Hall/CRC},
	Title = {Foundations of Semantic Web Technologies},
	Year = {2010}}

@InProceedings{odp-documentation,
  author = 	 {Nazifa Karima and Karl Hammar and Pascal Hitzler},
  title = 	 {How to Document Ontology Design Patterns},
  booktitle = 	 {Advances in Ontology Design and Patterns},
  pages = 	 {15--28},
  year = 	 {2017},
  editor = 	 {Karl Hammar and Pascal Hitlzer and Agnieszka Lawrynowicz and Adila Krisnadhi and Andrea Nuzzolese and Monika Solanki},
  volume = 	 {32},
  series = 	 {Studies on the Semantic Web},
  publisher = {IOS Press / AKA Verlag},
}

@inproceedings{ste,
  author    = {Adila Krisnadhi and
               Pascal Hitzler and
               Krzysztof Janowicz},
  editor    = {Karl Hammar and
               Pascal Hitzler and
               Adila Krisnadhi and
               Agnieszka Lawrynowicz and
               Andrea Giovanni Nuzzolese and
               Monika Solanki},
  title     = {A Spatiotemporal Extent Pattern based on Semantic Trajectories},
  booktitle = {Advances in Ontology Design and Patterns [revised and extended versions
               of the papers presented at the 7th edition of the Workshop on Ontology
               and Semantic Web Patterns, WOP@ISWC 2016, Kobe, Japan, 18th October
               2016]},
  series    = {Studies on the Semantic Web},
  volume    = {32},
  pages     = {47--53},
  publisher = {{IOS} Press},
  year      = {2016},
  url       = {https://doi.org/10.3233/978-1-61499-826-6-47},
  doi       = {10.3233/978-1-61499-826-6-47},
  timestamp = {Wed, 12 Sep 2018 10:19:19 +0200},
  biburl    = {https://dblp.org/rec/bib/conf/semweb/KrisnadhiHJ16},
  bibsource = {dblp computer science bibliography, https://dblp.org}
}

@article{momtut,
  author    = {Pascal Hitzler and
               Adila Krisnadhi},
  title     = {A Tutorial on Modular Ontology Modeling with Ontology Design Patterns:
               The Cooking Recipes Ontology},
  journal   = {CoRR},
  volume    = {abs/1808.08433},
  year      = {2018},
  url       = {http://arxiv.org/abs/1808.08433},
  archivePrefix = {arXiv},
  eprint    = {1808.08433},
  timestamp = {Sun, 02 Sep 2018 15:01:55 +0200},
  biburl    = {https://dblp.org/rec/bib/journals/corr/abs-1808-08433},
  bibsource = {dblp computer science bibliography, https://dblp.org}
}

@inproceedings{traj,
  author    = {Yingjie Hu and
               Krzysztof Janowicz and
               David Carral and
               Simon Scheider and
               Werner Kuhn and
               Gary Berg{-}Cross and
               Pascal Hitzler and
               Mike Dean and
               Dave Kolas},
  editor    = {Thora Tenbrink and
               John G. Stell and
               Antony Galton and
               Zena Wood},
  title     = {A Geo-ontology Design Pattern for Semantic Trajectories},
  booktitle = {Spatial Information Theory - 11th International Conference, {COSIT}
               2013, Scarborough, UK, September 2-6, 2013. Proceedings},
  series    = {Lecture Notes in Computer Science},
  volume    = {8116},
  pages     = {438--456},
  publisher = {Springer},
  year      = {2013},
  url       = {https://doi.org/10.1007/978-3-319-01790-7\_24},
  doi       = {10.1007/978-3-319-01790-7\_24},
  timestamp = {Fri, 02 Jun 2017 20:49:41 +0200},
  biburl    = {https://dblp.org/rec/bib/conf/cosit/HuJMSKBHDK13},
  bibsource = {dblp computer science bibliography, https://dblp.org}
}

@inproceedings{trajectory,
	title={A geo-ontology design pattern for semantic trajectories},
	author={Hu, Yingjie and Janowicz, Krzysztof and Carral, David and Scheider, Simon and Kuhn, Werner and Berg-Cross, Gary and Hitzler, Pascal and Dean, Mike and Kolas, Dave},
	booktitle={International Conference on Spatial Information Theory},
	pages={438--456},
	year={2013},
	organization={Springer},
	editor = {Thora Tenbrink and John Stell and Antony Galton and Zena Wood}
}

@incollection{odp1,
  author    = {Aldo Gangemi and
               Valentina Presutti},
  editor    = {Steffen Staab and
               Rudi Studer},
  title     = {Ontology Design Patterns},
  booktitle = {Handbook on Ontologies},
  series    = {International Handbooks on Information Systems},
  pages     = {221--243},
  publisher = {Springer},
  year      = {2009},
  url       = {https://doi.org/10.1007/978-3-540-92673-3\_10},
  doi       = {10.1007/978-3-540-92673-3\_10},
  timestamp = {Wed, 14 Nov 2018 10:12:16 +0100},
  biburl    = {https://dblp.org/rec/bib/series/ihis/GangemiP09},
  bibsource = {dblp computer science bibliography, https://dblp.org}
}

@TECHREPORT{canon,
  AUTHOR =        {Cogan Shimizu and
                   Quinn Hirt and
                   Pascal Hitzler},
  TITLE =         {MODL: A Modular Ontology Design Library},
  INSTITUTION =   {Wright State University},
  ADDRESS =       {Dayton, Ohio},
  MONTH =         {April},
  YEAR  =         {2019},
  PAGES =         {12},
  URL   =         {https://arxiv.org/submit/2646026/preview},
}

@TECHREPORT{enslaved,
  AUTHOR =        {Cogan Shimizu and
                   Pascal Hitzler and
                   Quinn Hirt and
                   Alicia Shiell and
                   Seila Gonzalez and
                   Catherine Foley and
                   Dean Rehberger and
                   Ethan Watrall and
                   Walter Hawthorne and
                   Duncan Tarr and
                   Ryan Carty and
                   Jeff Mixter},
  TITLE =         {The Enslaved Ontology 1.0: People of the Historic Slave Trade},
  INSTITUTION =   {Michigan State University},
  ADDRESS =       {East Lansing, Michigan},
  MONTH =         {April},
  YEAR  =         {2019},
  PAGES =         {41},
  URL   =         {},
}

@inproceedings{sdont,
	title={A Method for Automatically Generating Schema Diagrams for Modular Ontologies},
	author={Cogan Shimizu and Aaron Eberhart and Nazifa Karima and Quinn Hirt and Adila Krisnadi and Pascal Hitzler},
	booktitle={1st Iberoamerican Conference on Knowledge Graphs and the Semantic Web},
	year={2019},
	note={To Appear.}
}

@article{gene,
  title     = {Gene Ontology Consortium: The Gene Ontology {(GO)} database and informatics
               resource},
  journal   = {Nucleic Acids Research},
  volume    = {32},
  number    = {Database-Issue},
  pages     = {258--261},
  year      = {2004},
  url       = {https://doi.org/10.1093/nar/gkh036},
  doi       = {10.1093/nar/gkh036},
  timestamp = {Wed, 14 Nov 2018 10:40:51 +0100},
  biburl    = {https://dblp.org/rec/bib/journals/nar/Consortium04},
  bibsource = {dblp computer science bibliography, https://dblp.org}
}

@inproceedings{partof,
  author    = {Cogan Shimizu and
               Pascal Hitzler and
               Clare Paul},
  editor    = {Elena Demidova and
               Amrapali Zaveri and
               Elena Simperl},
  title     = {Ontology Design Patterns for Winston's Taxonomy Of Part-Whole Relations},
  booktitle = {Emerging Topics in Semantic Technologies -- {ISWC} 2018 Satellite Events
               [best papers from 13 of the workshops co-located with the {ISWC} 2018
               conference]},
  series    = {Studies on the Semantic Web},
  volume    = {36},
  pages     = {119--129},
  publisher = {{IOS} Press},
  year      = {2018},
  url       = {https://doi.org/10.3233/978-1-61499-894-5-119},
  doi       = {10.3233/978-1-61499-894-5-119},
  timestamp = {Wed, 31 Oct 2018 17:40:25 +0100},
  biburl    = {https://dblp.org/rec/bib/conf/semweb/ShimizuHP18a},
  bibsource = {dblp computer science bibliography, https://dblp.org}
}

@TechReport{provo,
  author      = "Satya Sahoo and Deborah McGuinness and Timothy Lebo",
  title       = "{PROV}-O: The {PROV} Ontology",
  month       = apr,
  note        = "http://www.w3.org/TR/2013/REC-prov-o-20130430/",
  year        = "2013",
  bibsource   = "https://w2.syronex.com/jmr/w3c-biblio",
  type        = "{W3C} Recommendation",
  institution = "W3C",
}

@inproceedings{extreme1,
  author    = {Valentina Presutti and
               Enrico Daga and
               Aldo Gangemi and
               Eva Blomqvist},
  editor    = {Eva Blomqvist and
               Kurt Sandkuhl and
               Fran{\c{c}}ois Scharffe and
               Vojtech Sv{\'{a}}tek},
  title     = {e{X}treme {D}esign with Content Ontology Design Patterns},
  booktitle = {Proceedings of the Workshop on Ontology Patterns {(WOP} 2009) , collocated
               with the 8th International Semantic Web Conference {(} {ISWC-2009}
               ), Washington D.C., USA, 25 October, 2009.},
  series    = {{CEUR} Workshop Proceedings},
  volume    = {516},
  publisher = {CEUR-WS.org},
  year      = {2009},
  url       = {http://ceur-ws.org/Vol-516/pap21.pdf},
  timestamp = {Mon, 30 May 2016 16:43:12 +0200},
  biburl    = {https://dblp.org/rec/bib/conf/semweb/PresuttiDGB09},
  bibsource = {dblp computer science bibliography, https://dblp.org}
}

@inproceedings{ottr,
  author    = {Martin G. Skj{\ae}veland and
               Daniel P. Lupp and
               Leif Harald Karlsen and
               Henrik Forssell},
  editor    = {Denny Vrandecic and
               Kalina Bontcheva and
               Mari Carmen Su{\'{a}}rez{-}Figueroa and
               Valentina Presutti and
               Irene Celino and
               Marta Sabou and
               Lucie{-}Aim{\'{e}}e Kaffee and
               Elena Simperl},
  title     = {Practical Ontology Pattern Instantiation, Discovery, and Maintenance
               with Reasonable Ontology Templates},
  booktitle = {The Semantic Web - {ISWC} 2018 - 17th International Semantic Web Conference,
               Monterey, CA, USA, October 8-12, 2018, Proceedings, Part {I}},
  series    = {Lecture Notes in Computer Science},
  volume    = {11136},
  pages     = {477--494},
  publisher = {Springer},
  year      = {2018},
  url       = {https://doi.org/10.1007/978-3-030-00671-6\_28},
  doi       = {10.1007/978-3-030-00671-6\_28},
  timestamp = {Mon, 01 Oct 2018 16:33:24 +0200},
  biburl    = {https://dblp.org/rec/bib/conf/semweb/SkjaevelandLKF18},
  bibsource = {dblp computer science bibliography, https://dblp.org}
}

@incollection{extreme2,
  author    = {Eva Blomqvist and
               Karl Hammar and
               Valentina Presutti},
  editor    = {Pascal Hitzler and
               Aldo Gangemi and
               Krzysztof Janowicz and
               Adila Krisnadhi and
               Valentina Presutti},
  title     = {Engineering Ontologies with Patterns - The e{X}treme {D}esign Methodology},
  booktitle = {Ontology Engineering with Ontology Design Patterns - Foundations and
               Applications},
  series    = {Studies on the Semantic Web},
  volume    = {25},
  pages     = {23--50},
  publisher = {{IOS} Press},
  year      = {2016},
  url       = {https://doi.org/10.3233/978-1-61499-676-7-23},
  doi       = {10.3233/978-1-61499-676-7-23},
  timestamp = {Tue, 16 May 2017 14:01:33 +0200},
  biburl    = {https://dblp.org/rec/bib/books/ios/p/BlomqvistHP16},
  bibsource = {dblp computer science bibliography, https://dblp.org}
}

@incollection{chap9,
  author    = {Karl Hammar and
               Eva Blomqvist and
               David Carral and
               Marieke van Erp and
               Antske Fokkens and
               Aldo Gangemi and
               Willem Robert van Hage and
               Pascal Hitzler and
               Krzysztof Janowicz and
               Nazifa Karima and
               Adila Krisnadhi and
               Tom Narock and
               Roxane Segers and
               Monika Solanki and
               Vojtech Sv{\'{a}}tek},
  editor    = {Pascal Hitzler and
               Aldo Gangemi and
               Krzysztof Janowicz and
               Adila Krisnadhi and
               Valentina Presutti},
  title     = {Collected Research Questions Concerning Ontology Design Patterns},
  booktitle = {Ontology Engineering with Ontology Design Patterns - Foundations and
               Applications},
  series    = {Studies on the Semantic Web},
  volume    = {25},
  pages     = {189--198},
  publisher = {{IOS} Press},
  year      = {2016},
  url       = {https://doi.org/10.3233/978-1-61499-676-7-189},
  doi       = {10.3233/978-1-61499-676-7-189},
  timestamp = {Tue, 16 May 2017 14:01:33 +0200},
  biburl    = {https://dblp.org/rec/bib/books/ios/p/HammarBCEFGHHJKKNSSS16},
  bibsource = {dblp computer science bibliography, https://dblp.org}
}

@inproceedings{modont,
	author    = {Pascal Hitzler and
	Cogan Shimizu},
	editor    = {Peter Chapman and
	Dominik Endres and
	Nathalie Pernelle},
	title     = {Modular Ontologies as a Bridge Between Human Conceptualization and
	Data},
	booktitle = {Graph-Based Representation and Reasoning - 23rd International Conference
	on Conceptual Structures, {ICCS} 2018, Edinburgh, UK, June 20-22,
	2018, Proceedings},
	series    = {Lecture Notes in Computer Science},
	volume    = {10872},
	pages     = {3--6},
	publisher = {Springer},
	year      = {2018},
	url       = {https://doi.org/10.1007/978-3-319-91379-7\_1},
	doi       = {10.1007/978-3-319-91379-7\_1},
	timestamp = {Wed, 13 Jun 2018 14:24:03 +0200},
	biburl    = {https://dblp.org/rec/bib/conf/iccs/HitzlerS18},
	bibsource = {dblp computer science bibliography, https://dblp.org}
}

@article{gruber,
  title={A translation approach to portable ontology specifications},
  author={Gruber, Thomas R},
  journal={Knowledge acquisition},
  volume={5},
  number={2},
  pages={199--220},
  year={1993},
  publisher={Elsevier}
}

@inproceedings{opla,
  author    = {Pascal Hitzler and
               Aldo Gangemi and
               Krzysztof Janowicz and
               Adila Alfa Krisnadhi and
               Valentina Presutti},
  editor    = {Eva Blomqvist and
               {\'{O}}scar Corcho and
               Matthew Horridge and
               David Carral and
               Rinke Hoekstra},
  title     = {Towards a Simple but Useful Ontology Design Pattern Representation
               Language},
  booktitle = {Proceedings of the 8th Workshop on Ontology Design and Patterns {(WOP}
               2017) co-located with the 16th International Semantic Web Conference
               {(ISWC} 2017), Vienna, Austria, October 21, 2017.},
  series    = {{CEUR} Workshop Proceedings},
  volume    = {2043},
  publisher = {CEUR-WS.org},
  year      = {2017},
  url       = {http://ceur-ws.org/Vol-2043/paper-09.pdf},
  timestamp = {Tue, 16 Jan 2018 14:47:10 +0100},
  biburl    = {https://dblp.org/rec/bib/conf/semweb/HitzlerGJKP17},
  bibsource = {dblp computer science bibliography, https://dblp.org}
}

@Article{dagstuhlkg,
  author =	{Piero Andrea Bonatti and Stefan Decker and Axel Polleres and Valentina Presutti},
  title =	{{Knowledge Graphs: New Directions for Knowledge Representation on the Semantic Web (Dagstuhl Seminar 18371)}},
  pages =	{29--111},
  journal =	{Dagstuhl Reports},
  ISSN =	{2192-5283},
  year =	{2019},
  volume =	{8},
  number =	{9},
  editor =	{Piero Andrea Bonatti and Stefan Decker and Axel Polleres and Valentina Presutti},
  publisher =	{Schloss Dagstuhl--Leibniz-Zentrum fuer Informatik},
  address =	{Dagstuhl, Germany},
  URL =		{http://drops.dagstuhl.de/opus/volltexte/2019/10328},
  URN =		{urn:nbn:de:0030-drops-103283},
  doi =		{10.4230/DagRep.8.9.29},
  annote =	{Keywords: knowledge graphs, knowledge representation, linked data, ontologies, semantic web}
}

@phdthesis{karima,
  title={Automated Rendering of Schema Diagram for Ontologies},
  author={Karima, Nazifa},
  year={2017},
  school={Wright State University}
}

@inproceedings{comodide,
  author    = {Cogan Shimizu and
               Quinn Hirt and
               Pascal Hitzler},
  editor    = {Aldo Gangemi and
               Anna Lisa Gentile and
               Andrea Giovanni Nuzzolese and
               Sebastian Rudolph and
               Maria Maleshkova and
               Heiko Paulheim and
               Jeff Z. Pan and
               Mehwish Alam},
  title     = {A Prot{\'{e}}g{\'{e}} Plug-In for Annotating {OWL} Ontologies
               with OPLa},
  booktitle = {The Semantic Web: {ESWC} 2018 Satellite Events - {ESWC} 2018 Satellite
               Events, Heraklion, Crete, Greece, June 3-7, 2018, Revised Selected
               Papers},
  series    = {Lecture Notes in Computer Science},
  volume    = {11155},
  pages     = {23--27},
  publisher = {Springer},
  year      = {2018},
  url       = {https://doi.org/10.1007/978-3-319-98192-5\_5},
  doi       = {10.1007/978-3-319-98192-5\_5},
  timestamp = {Thu, 02 Aug 2018 15:21:36 +0200},
  biburl    = {https://dblp.org/rec/bib/conf/esws/ShimizuHH18},
  bibsource = {dblp computer science bibliography, https://dblp.org}
}

@inproceedings{oplatool,
  author    = {Cogan Shimizu and
               Quinn Hirt and
               Pascal Hitzler},
  editor    = {Aldo Gangemi and
               Anna Lisa Gentile and
               Andrea Giovanni Nuzzolese and
               Sebastian Rudolph and
               Maria Maleshkova and
               Heiko Paulheim and
               Jeff Z. Pan and
               Mehwish Alam},
  title     = {A Prot{\'{e}}g{\'{e}} Plug-In for Annotating {OWL} Ontologies
               with OPLa},
  booktitle = {The Semantic Web: {ESWC} 2018 Satellite Events - {ESWC} 2018 Satellite
               Events, Heraklion, Crete, Greece, June 3-7, 2018, Revised Selected
               Papers},
  series    = {Lecture Notes in Computer Science},
  volume    = {11155},
  pages     = {23--27},
  publisher = {Springer},
  year      = {2018},
  url       = {https://doi.org/10.1007/978-3-319-98192-5\_5},
  doi       = {10.1007/978-3-319-98192-5\_5},
  timestamp = {Thu, 02 Aug 2018 15:21:36 +0200},
  biburl    = {https://dblp.org/rec/bib/conf/esws/ShimizuHH18},
  bibsource = {dblp computer science bibliography, https://dblp.org}
}

@inproceedings{geolink,
  author    = {Adila Krisnadhi and
               Yingjie Hu and
               Krzysztof Janowicz and
               Pascal Hitzler and
               Robert A. Arko and
               Suzanne Carbotte and
               Cynthia Chandler and
               Michelle Cheatham and
               Douglas Fils and
               Timothy W. Finin and
               Peng Ji and
               Matthew B. Jones and
               Nazifa Karima and
               Kerstin A. Lehnert and
               Audrey Mickle and
               Thomas W. Narock and
               Margaret O'Brien and
               Lisa Raymond and
               Adam Shepherd and
               Mark Schildhauer and
               Peter Wiebe},
  editor    = {Marcelo Arenas and
               {\'{O}}scar Corcho and
               Elena Simperl and
               Markus Strohmaier and
               Mathieu d'Aquin and
               Kavitha Srinivas and
               Paul T. Groth and
               Michel Dumontier and
               Jeff Heflin and
               Krishnaprasad Thirunarayan and
               Steffen Staab},
  title     = {The GeoLink Modular Oceanography Ontology},
  booktitle = {The Semantic Web - {ISWC} 2015 - 14th International Semantic Web Conference,
               Bethlehem, PA, USA, October 11-15, 2015, Proceedings, Part {II}},
  series    = {Lecture Notes in Computer Science},
  volume    = {9367},
  pages     = {301--309},
  publisher = {Springer},
  year      = {2015},
  url       = {https://doi.org/10.1007/978-3-319-25010-6\_19},
  doi       = {10.1007/978-3-319-25010-6\_19},
  timestamp = {Wed, 14 Nov 2018 10:57:25 +0100},
  biburl    = {https://dblp.org/rec/bib/conf/semweb/KrisnadhiHJHACC15},
  bibsource = {dblp computer science bibliography, https://dblp.org}
}

@inproceedings{rector,
  author    = {Alan L. Rector},
  editor    = {John H. Gennari and
               Bruce W. Porter and
               Yolanda Gil},
  title     = {Modularisation of domain ontologies implemented in description logics
               and related formalisms including {OWL}},
  booktitle = {Proceedings of the 2nd International Conference on Knowledge Capture
               {(K-CAP} 2003), October 23-25, 2003, Sanibel Island, FL, {USA}},
  pages     = {121--128},
  publisher = {{ACM}},
  year      = {2003},
  url       = {https://doi.org/10.1145/945645.945664},
  doi       = {10.1145/945645.945664},
  timestamp = {Wed, 14 Nov 2018 10:56:49 +0100},
  biburl    = {https://dblp.org/rec/bib/conf/kcap/Rector03},
  bibsource = {dblp computer science bibliography, https://dblp.org}
}

@inproceedings{framester,
  author    = {Aldo Gangemi and
               Mehwish Alam and
               Luigi Asprino and
               Valentina Presutti and
               Diego Reforgiato Recupero},
  editor    = {Eva Blomqvist and
               Paolo Ciancarini and
               Francesco Poggi and
               Fabio Vitali},
  title     = {Framester: A Wide Coverage Linguistic Linked Data Hub},
  booktitle = {Knowledge Engineering and Knowledge Management - 20th International
               Conference, {EKAW} 2016, Bologna, Italy, November 19-23, 2016, Proceedings},
  series    = {Lecture Notes in Computer Science},
  volume    = {10024},
  pages     = {239--254},
  year      = {2016},
  url       = {https://doi.org/10.1007/978-3-319-49004-5\_16},
  doi       = {10.1007/978-3-319-49004-5\_16},
  timestamp = {Wed, 14 Nov 2018 10:59:40 +0100},
  biburl    = {https://dblp.org/rec/bib/conf/ekaw/GangemiAAPR16},
  bibsource = {dblp computer science bibliography, https://dblp.org}
}

@inproceedings{valcri,
  author    = {Zlatan Dragisic and
               Patrick Lambrix and
               Eva Blomqvist},
  editor    = {Eva Blomqvist and
               Pascal Hitzler and
               Adila Krisnadhi and
               Tom Narock and
               Monika Solanki},
  title     = {Integrating Ontology Debugging and Matching into the eXtreme Design
               Methodology},
  booktitle = {Proceedings of the 6th Workshop on Ontology and Semantic Web Patterns
               {(WOP} 2015) co-located with the 14th International Semantic Web Conference
               {(ISWC} 2015), Bethlehem, Pensylvania, USA, October 11, 2015.},
  series    = {{CEUR} Workshop Proceedings},
  volume    = {1461},
  publisher = {CEUR-WS.org},
  year      = {2015},
  url       = {http://ceur-ws.org/Vol-1461/WOP2015\_paper\_1.pdf},
  timestamp = {Mon, 30 May 2016 16:28:37 +0200},
  biburl    = {https://dblp.org/rec/bib/conf/semweb/DragisicLB15},
  bibsource = {dblp computer science bibliography, https://dblp.org}
}

@inproceedings{xd4p,
  author    = {Karl Hammar},
  editor    = {Serena Villata and
               Jeff Z. Pan and
               Mauro Dragoni},
  title     = {Ontology Design Patterns in {W}eb{P}rot{\'{e}}g{\'{e}}},
  booktitle = {Proceedings of the {ISWC} 2015 Posters {\&} Demonstrations Track
               co-located with the 14th International Semantic Web Conference (ISWC-2015),
               Bethlehem, PA, USA, October 11, 2015.},
  series    = {{CEUR} Workshop Proceedings},
  volume    = {1486},
  publisher = {CEUR-WS.org},
  year      = {2015},
  url       = {http://ceur-ws.org/Vol-1486/paper\_50.pdf},
  timestamp = {Mon, 30 May 2016 16:28:37 +0200},
  biburl    = {https://dblp.org/rec/bib/conf/semweb/Hammar15},
  bibsource = {dblp computer science bibliography, https://dblp.org}
}

@InCollection{how2doc,
	author = 	 {Nazifa Karima and Karl Hammar and Pascal Hitzler},
	title = 	 {How to Document Ontology Design Patterns},
	booktitle = 	 {Advances in Ontology Design and Patterns},
	pages = 	 {15--28},
	publisher = {IOS Press, Amsterdam},
	year = 	 {2017},
	editor = 	 {Karl Hammar and Pascal Hitzler and Agnieszka Lawrynowicz and Adila Krisnadhi and Andrea Nuzzolese and Monika Solanki},
	volume = 	 {32},
	series = 	 {Studies on the Semantic Web},
}

@article{momtut,
  author    = {Pascal Hitzler and
               Adila Krisnadhi},
  title     = {A Tutorial on Modular Ontology Modeling with Ontology Design Patterns:
               The Cooking Recipes Ontology},
  journal   = {CoRR},
  volume    = {abs/1808.08433},
  year      = {2018},
  url       = {http://arxiv.org/abs/1808.08433},
  archivePrefix = {arXiv},
  eprint    = {1808.08433},
  timestamp = {Sun, 02 Sep 2018 15:01:55 +0200},
  biburl    = {https://dblp.org/rec/bib/journals/corr/abs-1808-08433},
  bibsource = {dblp computer science bibliography, https://dblp.org}
}

@book{odpbook,
	editor    = {Pascal Hitzler and
	Aldo Gangemi and
	Krzysztof Janowicz and
	Adila Krisnadhi and
	Valentina Presutti},
	title     = {Ontology Engineering with Ontology Design Patterns -- Foundations and
	Applications},
	series    = {Studies on the Semantic Web},
	volume    = {25},
	publisher = {{IOS} Press},
	year      = {2016},
}

@incollection{chess,
	author    = {Adila Krisnadhi and
	Pascal Hitzler},
	editor    = {Pascal Hitzler and
	Aldo Gangemi and
	Krzysztof Janowicz and
	Adila Krisnadhi and
	Valentina Presutti},
	title     = {Modeling With Ontology Design Patterns: Chess Games As a Worked Example},
	booktitle = {Ontology Engineering with Ontology Design Patterns -- Foundations and
	Applications},
	series    = {Studies on the Semantic Web},
	volume    = {25},
	pages     = {3--21},
	publisher = {{IOS} Press},
	year      = {2016},
}

@Article{fair,
author={Wilkinson, Mark D.
and Dumontier, Michel
and others},
title={The FAIR Guiding Principles for scientific data management and stewardship},
journal={Scientific Data},
year={2016},
month={Mar},
day={15},
publisher={The Author(s) SN  -},
volume={3},
pages={160018 EP  -},
note={Comment},
url={https://doi.org/10.1038/sdata.2016.18}
}

@inproceedings{SarkerKH16,
  author    = {Md. Kamruzzaman Sarker and
               Adila Alfa Krisnadhi and
               Pascal Hitzler},
  editor    = {Takahiro Kawamura and
               Heiko Paulheim},
  title     = {{OWLA}x: A Prot{\'{e}}g{\'{e}} Plugin to Support Ontology Axiomatization through
               Diagramming},
  booktitle = {Proceedings of the {ISWC} 2016 Posters {\&} Demonstrations Track
               co-located with 15th International Semantic Web Conference {(ISWC}
               2016), Kobe, Japan, October 19, 2016.},
  series    = {{CEUR} Workshop Proceedings},
  volume    = {1690},
  publisher = {CEUR-WS.org},
  year      = {2016},
}

@inproceedings{tree,
  author    = {David Carral and
               Pascal Hitzler and
               Hilmar Lapp and
               Sebastian Rudolph},
  editor    = {Eva Blomqvist and
               {\'{O}}scar Corcho and
               Matthew Horridge and
               David Carral and
               Rinke Hoekstra},
  title     = {On the Ontological Modeling of Trees},
  booktitle = {Proceedings of the 8th Workshop on Ontology Design and Patterns {(WOP}
               2017) co-located with the 16th International Semantic Web Conference
               {(ISWC} 2017), Vienna, Austria, October 21, 2017.},
  series    = {{CEUR} Workshop Proceedings},
  volume    = {2043},
  publisher = {CEUR-WS.org},
  year      = {2017},
  url       = {http://ceur-ws.org/Vol-2043/paper-01.pdf},
  timestamp = {Tue, 16 Jan 2018 14:47:10 +0100},
  biburl    = {https://dblp.org/rec/bib/conf/semweb/CarralHLR17},
  bibsource = {dblp computer science bibliography, https://dblp.org}
}

@InProceedings{event,
  author = 	 {Adila Krisnadhi and Pascal Hitzler},
  title = 	 {A Core Pattern for Events},
  booktitle = 	 {Advances in Ontology Design and Patterns},
  pages = 	 {29--38},
  year = 	 {2017},
  editor = 	 {Karl Hammar and Pascal Hitlzer and Agnieszka Lawrynowicz and Adila Krisnadhi and Andrea Nuzzolese and Monika Solanki},
  volume = 	 {32},
  series = 	 {Studies on the Semantic Web},
  publisher = {IOS Press / AKA Verlag},
}

@book{provo,
	Editor = {Timothy Lebo and Satya Sahoo and Deborah McGuinness},
	Note = {Available at http://www.w3.org/TR/prov-o/},
	Publisher = {W3C Recommendation},
	Title = {{PROV-O: The PROV Ontology}},
	Year = {30 April 2013}
}

@incollection{HitzlerK16,
  author    = {Pascal Hitzler and
               Adila Krisnadhi},
  editor    = {Pascal Hitzler and
               Aldo Gangemi and
               Krzysztof Janowicz and
               Adila Krisnadhi and
               Valentina Presutti},
  title     = {On the Roles of Logical Axiomatizations for Ontologies},
  booktitle = {Ontology Engineering with Ontology Design Patterns - Foundations and
               Applications},
  series    = {Studies on the Semantic Web},
  volume    = {25},
  pages     = {73--80},
  publisher = {{IOS} Press},
  year      = {2016},
}

@mastersthesis {ShimizuMS,
	title = {Rendering {OWL} in {\LaTeX} for Improved Readability: Extensions to the {OWLAPI}},
	year = {2017},
	school = {Department of Computer Science and Engineering, Wright State University},
	address = {Dayton, Ohio},
	author = {Cogan Shimizu}
}

@inproceedings{SarkerKH16,
  author    = {Md. Kamruzzaman Sarker and
               Adila Alfa Krisnadhi and
               Pascal Hitzler},
  editor    = {Takahiro Kawamura and
               Heiko Paulheim},
  title     = {{OWLAx}: {A} {P}rot\'eg\'e Plugin to Support Ontology Axiomatization through
               Diagramming},
  booktitle = {Proceedings of the {ISWC} 2016 Posters {\&} Demonstrations Track
               co-located with 15th International Semantic Web Conference {(ISWC}
               2016), Kobe, Japan, October 19, 2016.},
  series    = {{CEUR} Workshop Proceedings},
  volume    = {1690},
  publisher = {CEUR-WS.org},
  year      = {2016},
}

@inproceedings{oplatool,
  author    = {Cogan Shimizu and
               Quinn Hirt and
               Pascal Hitzler},
  editor    = {Aldo Gangemi and
               Anna Lisa Gentile and
               Andrea Giovanni Nuzzolese and
               Sebastian Rudolph and
               Maria Maleshkova and
               Heiko Paulheim and
               Jeff Z. Pan and
               Mehwish Alam},
  title     = {A Prot{\'{e}}g{\'{e}} Plug-In for Annotating {OWL} Ontologies
               with OPLa},
  booktitle = {The Semantic Web: {ESWC} 2018 Satellite Events -- {ESWC} 2018 Satellite Events, Heraklion, Crete, Greece, June 3-7, 2018, Revised Selected Papers},
  series    = {Lecture Notes in Computer Science},
  volume    = {11155},
  pages     = {23--27},
  publisher = {Springer},
  year      = {2018},
}

@inproceedings{stub,
  author    = {Adila Krisnadhi and
               Pascal Hitzler},
  editor    = {Karl Hammar and
               Pascal Hitzler and
               Adila Krisnadhi and
               Agnieszka Lawrynowicz and
               Andrea Giovanni Nuzzolese and
               Monika Solanki},
  title     = {The Stub Metapattern},
  booktitle = {Advances in Ontology Design and Patterns [revised and extended versions
               of the papers presented at the 7th edition of the Workshop on Ontology
               and Semantic Web Patterns, WOP@ISWC 2016, Kobe, Japan, 18th October
               2016]},
  series    = {Studies on the Semantic Web},
  volume    = {32},
  pages     = {39--45},
  publisher = {{IOS} Press},
  year      = {2016},
  url       = {https://doi.org/10.3233/978-1-61499-826-6-39},
  doi       = {10.3233/978-1-61499-826-6-39},
  timestamp = {Wed, 12 Sep 2018 10:19:19 +0200},
  biburl    = {https://dblp.org/rec/bib/conf/semweb/KrisnadhiH16a},
  bibsource = {dblp computer science bibliography, https://dblp.org}
}

@TechReport{provo,
  author      = "Satya Sahoo and Deborah McGuinness and Timothy Lebo",
  title       = "{PROV}-O: The {PROV} Ontology",
  month       = apr,
  note        = "http://www.w3.org/TR/2013/REC-prov-o-20130430/",
  year        = "2013",
  bibsource   = "https://w2.syronex.com/jmr/w3c-biblio",
  type        = "{W3C} Recommendation",
  institution = "W3C",
}

@inproceedings{opla,
  author    = {Pascal Hitzler and
               Aldo Gangemi and
               Krzysztof Janowicz and
               Adila Alfa Krisnadhi and
               Valentina Presutti},
  editor    = {Eva Blomqvist and
               {\'{O}}scar Corcho and
               Matthew Horridge and
               David Carral and
               Rinke Hoekstra},
  title     = {Towards a Simple but Useful Ontology Design Pattern Representation Language},
  booktitle = {Proceedings of the 8th Workshop on Ontology Design and Patterns {(WOP} 2017) co-located with the 16th International Semantic Web Conference {(ISWC} 2017), Vienna, Austria, October 21, 2017.},
  series    = {{CEUR} Workshop Proceedings},
  volume    = {2043},
  publisher = {CEUR-WS.org},
  year      = {2017},
}

@inproceedings{KrisnadhiMH11,
  author    = {Adila Krisnadhi and
               Frederick Maier and
               Pascal Hitzler},
  editor    = {Axel Polleres and
               Claudia d'Amato and
               Marcelo Arenas and
               Siegfried Handschuh and
               Paula Kroner and
               Sascha Ossowski and
               Peter F. Patel{-}Schneider},
  title     = {{OWL} and Rules},
  booktitle = {Reasoning Web. Semantic Technologies for the Web of Data - 7th International
               Summer School 2011, Galway, Ireland, August 23-27, 2011, Tutorial
               Lectures},
  series    = {Lecture Notes in Computer Science},
  volume    = {6848},
  pages     = {382--415},
  publisher = {Springer},
  year      = {2011},
  url       = {https://doi.org/10.1007/978-3-642-23032-5\_7},
  doi       = {10.1007/978-3-642-23032-5\_7},
  timestamp = {Mon, 05 Jun 2017 12:42:31 +0200},
  biburl    = {https://dblp.org/rec/bib/conf/rweb/KrisnadhiMH11},
  bibsource = {dblp computer science bibliography, https://dblp.org}
}