@book{FOST,
	Author = {Pascal Hitzler and Markus Kr{\"o}tzsch and Sebastian Rudolph},
	Publisher = {Chapman \&{} Hall/CRC},
	Title = {Foundations of Semantic Web Technologies},
	Year = {2010}}

@InProceedings{odp-documentation,
  author = 	 {Nazifa Karima and Karl Hammar and Pascal Hitzler},
  title = 	 {How to Document Ontology Design Patterns},
  booktitle = 	 {Advances in Ontology Design and Patterns},
  pages = 	 {15--28},
  year = 	 {2017},
  editor = 	 {Karl Hammar and Pascal Hitlzer and Agnieszka Lawrynowicz and Adila Krisnadhi and Andrea Nuzzolese and Monika Solanki},
  volume = 	 {32},
  series = 	 {Studies on the Semantic Web},
  publisher = {IOS Press / AKA Verlag},
}

@InProceedings{event,
  author = 	 {Adila Krisnadhi and Pascal Hitzler},
  title = 	 {A Core Pattern for Events},
  booktitle = 	 {Advances in Ontology Design and Patterns},
  pages = 	 {29--38},
  year = 	 {2017},
  editor = 	 {Karl Hammar and Pascal Hitlzer and Agnieszka Lawrynowicz and Adila Krisnadhi and Andrea Nuzzolese and Monika Solanki},
  volume = 	 {32},
  series = 	 {Studies on the Semantic Web},
  publisher = {IOS Press / AKA Verlag},
}

@book{provo,
	Editor = {Timothy Lebo and Satya Sahoo and Deborah McGuinness},
	Note = {Available at http://www.w3.org/TR/prov-o/},
	Publisher = {W3C Recommendation},
	Title = {{PROV-O: The PROV Ontology}},
	Year = {30 April 2013}
}

@incollection{HitzlerK16,
  author    = {Pascal Hitzler and
               Adila Krisnadhi},
  editor    = {Pascal Hitzler and
               Aldo Gangemi and
               Krzysztof Janowicz and
               Adila Krisnadhi and
               Valentina Presutti},
  title     = {On the Roles of Logical Axiomatizations for Ontologies},
  booktitle = {Ontology Engineering with Ontology Design Patterns - Foundations and
               Applications},
  series    = {Studies on the Semantic Web},
  volume    = {25},
  pages     = {73--80},
  publisher = {{IOS} Press},
  year      = {2016},
}

@mastersthesis {ShimizuMS,
	title = {Rendering {OWL} in {\LaTeX} for Improved Readability: Extensions to the {OWLAPI}},
	year = {2017},
	school = {Department of Computer Science and Engineering, Wright State University},
	address = {Dayton, Ohio},
	author = {Cogan Shimizu}
}

@inproceedings{SarkerKH16,
  author    = {Md. Kamruzzaman Sarker and
               Adila Alfa Krisnadhi and
               Pascal Hitzler},
  editor    = {Takahiro Kawamura and
               Heiko Paulheim},
  title     = {{OWLAx}: {A} {P}rot\'eg\'e Plugin to Support Ontology Axiomatization through
               Diagramming},
  booktitle = {Proceedings of the {ISWC} 2016 Posters {\&} Demonstrations Track
               co-located with 15th International Semantic Web Conference {(ISWC}
               2016), Kobe, Japan, October 19, 2016.},
  series    = {{CEUR} Workshop Proceedings},
  volume    = {1690},
  publisher = {CEUR-WS.org},
  year      = {2016},
}

@inproceedings{oplatool,
  author    = {Cogan Shimizu and
               Quinn Hirt and
               Pascal Hitzler},
  editor    = {Aldo Gangemi and
               Anna Lisa Gentile and
               Andrea Giovanni Nuzzolese and
               Sebastian Rudolph and
               Maria Maleshkova and
               Heiko Paulheim and
               Jeff Z. Pan and
               Mehwish Alam},
  title     = {A Prot{\'{e}}g{\'{e}} Plug-In for Annotating {OWL} Ontologies
               with OPLa},
  booktitle = {The Semantic Web: {ESWC} 2018 Satellite Events -- {ESWC} 2018 Satellite Events, Heraklion, Crete, Greece, June 3-7, 2018, Revised Selected Papers},
  series    = {Lecture Notes in Computer Science},
  volume    = {11155},
  pages     = {23--27},
  publisher = {Springer},
  year      = {2018},
}

@inproceedings{opla,
  author    = {Pascal Hitzler and
               Aldo Gangemi and
               Krzysztof Janowicz and
               Adila Alfa Krisnadhi and
               Valentina Presutti},
  editor    = {Eva Blomqvist and
               {\'{O}}scar Corcho and
               Matthew Horridge and
               David Carral and
               Rinke Hoekstra},
  title     = {Towards a Simple but Useful Ontology Design Pattern Representation Language},
  booktitle = {Proceedings of the 8th Workshop on Ontology Design and Patterns {(WOP} 2017) co-located with the 16th International Semantic Web Conference {(ISWC} 2017), Vienna, Austria, October 21, 2017.},
  series    = {{CEUR} Workshop Proceedings},
  volume    = {2043},
  publisher = {CEUR-WS.org},
  year      = {2017},
}

@inproceedings{KrisnadhiMH11,
  author    = {Adila Krisnadhi and
               Frederick Maier and
               Pascal Hitzler},
  editor    = {Axel Polleres and
               Claudia d'Amato and
               Marcelo Arenas and
               Siegfried Handschuh and
               Paula Kroner and
               Sascha Ossowski and
               Peter F. Patel{-}Schneider},
  title     = {{OWL} and Rules},
  booktitle = {Reasoning Web. Semantic Technologies for the Web of Data - 7th International
               Summer School 2011, Galway, Ireland, August 23-27, 2011, Tutorial
               Lectures},
  series    = {Lecture Notes in Computer Science},
  volume    = {6848},
  pages     = {382--415},
  publisher = {Springer},
  year      = {2011},
  url       = {https://doi.org/10.1007/978-3-642-23032-5\_7},
  doi       = {10.1007/978-3-642-23032-5\_7},
  timestamp = {Mon, 05 Jun 2017 12:42:31 +0200},
  biburl    = {https://dblp.org/rec/bib/conf/rweb/KrisnadhiMH11},
  bibsource = {dblp computer science bibliography, https://dblp.org}
}